<record><leader>00000cas a22000007a 4500</leader><controlfield tag="001">16119593</controlfield><controlfield tag="008">870701d19641972inuwn ne      0    0eng d</controlfield><datafield ind1=" " ind2=" " tag="010"><subfield code="a">sn 87056157 </subfield></datafield><datafield ind1=" " ind2=" " tag="040"><subfield code="a">NPI</subfield><subfield code="b">eng</subfield><subfield code="c">NPI</subfield><subfield code="d">OCLCQ</subfield></datafield><datafield ind1=" " ind2=" " tag="042"><subfield code="a">msc</subfield></datafield><datafield ind1="0" ind2="4" tag="245"><subfield code="a">The Suburban &amp; Lawrence journal.</subfield></datafield><datafield ind1="3" ind2="0" tag="246"><subfield code="a">Suburban and Lawrence journal</subfield></datafield><datafield ind1="3" ind2="0" tag="246"><subfield code="a">Lawrence journal</subfield></datafield><datafield ind1=" " ind2=" " tag="260"><subfield code="a">Indianapolis, Ind. :</subfield><subfield code="b">E.R. Hutchings and R.C. Junk,</subfield><subfield code="c">1964-1972.</subfield></datafield><datafield ind1=" " ind2=" " tag="310"><subfield code="a">Weekly (except 1st week in Jan. and July),</subfield><subfield code="b">Dec. 26, 1968-1972</subfield></datafield><datafield ind1=" " ind2=" " tag="321"><subfield code="a">Weekly,</subfield><subfield code="b">1964-Dec. 19, 1968</subfield></datafield><datafield ind1="0" ind2=" " tag="362"><subfield code="a">Vol. 20, no. 29 (May 21, 1964)-v. 28, no. 18 (May 4, 1972).</subfield></datafield><datafield ind1=" " ind2=" " tag="500"><subfield code="a">Mar. 30, 1972 issue masthead says "The Lawrence journal."</subfield></datafield><datafield ind1=" " ind2=" " tag="752"><subfield code="a">United States</subfield><subfield code="b">Indiana</subfield><subfield code="c">Marion</subfield><subfield code="d">Indianapolis.</subfield></datafield><datafield ind1=" " ind2=" " tag="752"><subfield code="a">United States</subfield><subfield code="b">Indiana</subfield><subfield code="c">Marion</subfield><subfield code="d">Lawrence.</subfield></datafield><datafield ind1="0" ind2="0" tag="780"><subfield code="t">Suburban journal and the Lawrence journal</subfield><subfield code="w">(DLC)sn 87056154</subfield></datafield><datafield ind1="0" ind2="0" tag="785"><subfield code="t">Lawrence journal (Indianapolis, Ind.)</subfield><subfield code="w">(DLC)sn 87056155</subfield></datafield></record>